@Article{Glowinski1999,
  Title                    = {{A distributed Lagrange multiplier/fictitious domain method for particulate flows}},
  Author                   = {Glowinski, R. and Pan, T.W. and Hesla, T.I. and Joseph, D.D.},
  Journal                  = {International Journal of Multiphase Flow},
  Year                     = {1999},
  Number                   = {5},
  Pages                    = {755--794},
  Volume                   = {25},

  File                     = {:IJMF_25_755-794_1999.pdf:PDF},
  ISSN                     = {0301-9322},
  Publisher                = {Elsevier},
  Timestamp                = {2011.02.11}
}

@article{BRENNER1961242,
title = "The slow motion of a sphere through a viscous fluid towards a plane surface",
journal = "Chemical Engineering Science",
volume = "16",
number = "3",
pages = "242 - 251",
year = "1961",
issn = "0009-2509",
doi = "https://doi.org/10.1016/0009-2509(61)80035-3",
url = "http://www.sciencedirect.com/science/article/pii/0009250961800353",
author = "Howard Brenner"
}

@article{cooley_o'neill_1969, 
title={On the slow motion generated in a viscous fluid by the approach of a sphere to a plane wall or stationary sphere}, volume={16}, 
DOI={10.1112/S0025579300004599}, 
number={1}, 
journal={Mathematika}, 
publisher={London Mathematical Society}, 
author={Cooley, M. D. A. and O'Neill, M. E.}, year={1969}, pages={37â€“49}}

@Article{zick1982,
  Title                    = {{Stokes flow through periodic arrays of spheres}},
  Author                   = {Zick, A.A. and Homsy, G.M.},
  Journal                  = {Journal of Fluid Mechanics},
  Year                     = {1982},
  Number                   = {1},
  Pages                    = {13--26},
  Volume                   = {115},

  File                     = {:JFM_115_13-26_1982.pdf:PDF},
  Publisher                = {Cambridge Univ Press},
  Timestamp                = {2012.08.20}
}

@Article{wachs2015accuracy,
  Title                    = {{Accuracy of Finite Volume/Staggered Grid Distributed Lagrange Multiplier/Fictitious Domain simulations of particulate flows}},
  Author                   = {Wachs, A. and Hammouti, A. and Vinay, G. and Rahmani, M.},
  Journal                  = {Computers \& Fluids},
  Year                     = {2015},
  Pages                    = {154--172},
  Volume                   = {115},

  File                     = {:CF_115_154-172_2015.pdf:PDF},
  Publisher                = {Elsevier},
  Timestamp                = {2016-08-18}
}

@article{batchelor1972hydrodynamic,
  title={The hydrodynamic interaction of two small freely-moving spheres in a linear flow field},
  author={Batchelor, GK and Green, J-T\_},
  journal={Journal of Fluid Mechanics},
  volume={56},
  number={2},
  pages={375--400},
  year={1972},
  publisher={Cambridge University Press}
}

@article{lin1970slow,
  title={Slow motion of two spheres in a shear field},
  author={Lin, CJ and Lee, KJ and Sather, NF},
  journal={Journal of Fluid Mechanics},
  volume={43},
  number={1},
  pages={35--47},
  year={1970},
  publisher={Cambridge University Press}
}


@article{zeng2005wall,
  title={Wall-induced forces on a rigid sphere at finite Reynolds number},
  author={Zeng, Lanying and Balachandar, S and Fischer, Paul},
  journal={Journal of Fluid Mechanics},
  volume={536},
  pages={1--25},
  year={2005},
  publisher={Cambridge University Press}
}



@article{Schafer1996,
	author = {Sch{\ifmmode \ddot{a} \else \"{a}\fi}fer, M. and Turek, S. and Durst, F. and Krause, E. and Rannacher, R.},
	title = {{Benchmark Computations of Laminar Flow Around a Cylinder}},
	journal = {SpringerLink},
	pages = {547--566},
	year = {1996},
	publisher = {Vieweg+Teubner Verlag},
	doi = {10.1007/978-3-322-89849-4_39}

}

@article{Glowinski1999Aug,
	author = {Glowinski, Roland and Pan, Tsorng-Whay and Hesla, Todd I. and Joseph, Daniel D. and P{\ifmmode \acute{e} \else \'{e}\fi}riaux, Jacques},
	title = {{A distributed Lagrange multiplier/fictitious domain method for flows around moving rigid bodies: Application to particulate flow}},
	journal = {Int. J. Numer. Methods Fluids},
	volume = {30},
	number = {8},
	pages = {1043--1066},
	year = {1999},
	month = {Aug},
	issn = {1097-0363},
	publisher = {John Wiley {\&} Sons, Ltd.},
	doi = {10.1002/(SICI)1097-0363(19990830)30:83.0.CO;2-Y}
}

@misc{BibEntry2016Feb,
	author = {MacNamara, Shev and Gilbert Strang},
	title = {{ch3-macnamara-strang.pdf}},
	year = {2016},
	month = {Feb},
	note = {[Online; accessed 7. Mar. 2018]},
	url = {http://www.math.ucla.edu/~wotaoyin/splittingbook/ch3-macnamara-strang.pdf}
}

@Article{rahmani2014,
  Title                    = {{Free falling and rising of spherical and angular particles}},
  Author                   = {Rahmani, M. and Wachs, A.},
  Journal                  = {Physics of Fluids},
  Year                     = {2014},
  Pages                    = {083301},
  Volume                   = {26},

  File                     = {:PhysFluids_26_083301_2014.pdf:PDF},
  Owner                    = {wachs},
  Timestamp                = {2014.11.18}
}


@Article{Wachs2012grains3d,
  Title                    = {{Grains3D, a flexible DEM approach for particles of arbitrary convex shape - Part I: numerical model and validations}},
  Author                   = {Wachs, A. and Girolami, L. and Vinay, G. and Ferrer, G.},
  Journal                  = {Powder Technology},
  Year                     = {2012},
  Pages                    = {374--389},
  Volume                   = {224},

  File                     = {:PowTech_224_374-389_2012.pdf:PDF},
  Publisher                = {Elsevier},
  Timestamp                = {2013.08.14}
}


@article{Gondret2002Feb,
	author = {Gondret, P. and Lance, M. and Petit, L.},
	title = {{Bouncing motion of spherical particles in fluids}},
	journal = {Physics of Fluids},
	volume = {14},
	number = {2},
	pages = {643--652},
	year = {2002},
	month = {Feb},
	issn = {1070-6631},
	publisher = {American Institute of Physics},
	doi = {10.1063/1.1427920}
}

@article{ardekani2008numerical,
  title={Numerical investigation of particle--particle and particle--wall collisions in a viscous fluid},
  author={Ardekani, AM and Rangel, RH},
  journal={Journal of fluid mechanics},
  volume={596},
  pages={437--466},
  year={2008},
  publisher={Cambridge University Press}
}

