---bib
@book{le:2002,
    Author = {Randall J. LeVeque},
    Date-Added = {2013-12-26 20:56:55 +0000},
    Date-Modified = {2013-12-27 02:43:06 +0000},
    Keywords = {finite volume},
    Publisher = {Cambridge University Press},
    Title = {Finite volume methods for hyperbolic problems},
    Year = 2002}

