~~~bib 
@article{culick1960,
  title={Comments on a ruptured soap film},
  author={Culick, FEC},
  journal={Journal of applied physics},
  volume={31},
  number={6},
  pages={1128},
  year={1960}
}

@inproceedings{taylor1959,
  title={The dynamics of thin sheets of fluid. III. Disintegration of fluid sheets},
  author={Taylor, Geoffrey},
  booktitle={Proceedings of the Royal Society of London A: Mathematical, Physical and Engineering Sciences},
  volume={253},
  number={1274},
  pages={313--321},
  year={1959},
  organization={The Royal Society}
}

@article{song1999,
  title={The formation of thick borders on an initially stationary fluid sheet},
  author={Song, Museok and Tryggvason, Gr{\'e}tar},
  journal={Physics of Fluids},
  volume={11},
  number={9},
  pages={2487--2493},
  year={1999},
  publisher={AIP}
}

@article{savva2009,
  title={Viscous sheet retraction},
  author={Savva, Nikos and Bush, John WM},
  journal={Journal of Fluid Mechanics},
  volume={626},
  pages={211--240},
  year={2009},
  publisher={Cambridge Univ Press}
}

@article{duchemin2002,
  title={Jet formation in bubbles bursting at a free surface},
  author={Duchemin, Laurent and Popinet, St{\'e}phane and Josserand, Christophe and Zaleski, St{\'e}phane},
  journal={Physics of fluids},
  volume={14},
  number={9},
  pages={3000--3008},
  year={2002},
  publisher={AIP}
}
~~~